%%1
@Inbook{Chopra2007,
author="Chopra, Sunil
and Meindl, Peter",
editor="Boersch, Cornelius
and Elschen, Rainer",
title="Supply Chain Management. Strategy, Planning {\&} Operation",
bookTitle="Das Summa Summarum des Management: Die 25 wichtigsten Werke f{\"u}r Strategie, F{\"u}hrung und Ver{\"a}nderung",
year="2007",
publisher="Gabler",
address="Wiesbaden",
pages="265--275",
abstract="Die steigende Dynamik der internationalen M{\"a}rkte, der versch{\"a}rfte Wettbewerb zwischen den Unternehmen, ein immer erfolgreicheres E-Business sowie eine neue Informationsdichte f{\"u}r die Kunden via Internet {\"u}ber Produkte, deren Preise, Verf{\"u}gbarkeit und Lieferzeiten zwingen die Unternehmen, die Gesch{\"a}ftsprozesse besser aufeinander abzustimmen. Ein entscheidender Teil dieser Gesch{\"a}ftsprozesse erstreckt sich entlang der Supply Chain (SC), der logistischen Wertsch{\"o}pfungskette. Das Supply Chain Management (SCM) nimmt in der Unternehmenspraxis einen immer gr{\"o}{\ss}eren Stellenwert ein.",
isbn="978-3-8349-9320-5",
doi="10.1007/978-3-8349-9320-5_22",
url="https://doi.org/10.1007/978-3-8349-9320-5_22"
}
%%2
@book{levy2012retailing,
  title={Retailing Management},
  author={Levy, M. and Weitz, B.A.},
  isbn={9781259010170},
  lccn={2010048858},
  url={https://books.google.com.hk/books?id=PstaLwEACAAJ},
  year={2012},
  publisher={McGraw-Hill/Irwin}
}

%%3
@article{3,
author = {Pyke, David and Peterson, Rein and Silver, Edward},
year = {2001},
month = {01},
pages = {845-845},
title = {Inventory Management and Production Planning and Scheduling (Third Edition)},
volume = {52},
journal = {Journal of The Operational Research Society - J OPER RES SOC}
}
%%4
@book{Hyndman2018forecasting,
  author = {Hyndman, Rob J. and Athanasopoulos, George},
  title = {Forecasting: Principles and Practice},
  edition = {2nd},
  year = {2018},
  publisher = {OTexts},
  address = {Melbourne}
}

%%5
@book{talluri2006theory,
  title={The Theory and Practice of Revenue Management},
  author={Talluri, K.T. and van Ryzin, G.J.},
  isbn={9780387273914},
  lccn={2004047439},
  series={International Series in Operations Research \& Management Science},
  url={https://books.google.ca/books?id=GhdDbEM-_5oC},
  year={2006},
  publisher={Springer US}
}

%%6
@book{montgomery2010applied,
  title={Applied Statistics and Probability for Engineers},
  author={Montgomery, D.C. and Runger, G.C.},
  isbn={9780470053041},
  lccn={2010483791},
  url={https://books.google.ca/books?id=_f4KrEcNAfEC},
  year={2010},
  publisher={John Wiley \& Sons}
}
%%7
@book{hair2019multivariate,
  title={Multivariate Data Analysis},
  author={Hair, J.F. and Black, W.C. and Babin, B.J. and Anderson, R.E.},
  isbn={9781473756540},
  lccn={2019301366},
  url={https://books.google.ca/books?id=0R9ZswEACAAJ},
  year={2019},
  publisher={Cengage}
}

%%8
@book{winston2004operations,
  title={Operations Research: Applications and Algorithms},
  author={Winston, W.L. and Goldberg, J.B.},
  isbn={9780534423629},
  lccn={2003105883},
  series={Operations Research: Applications and Algorithms},
  url={https://books.google.ca/books?id=tg5DAQAAIAAJ},
  year={2004},
  publisher={Thomson/Brooks/Cole}
}
%%9
@book{kotler2016marketing,
  title={Marketing 4.0: Moving from Traditional to Digital},
  author={Kotler, P. and Kartajaya, H. and Setiawan, I.},
  isbn={9781119341147},
  lccn={2016036899},
  url={https://books.google.ca/books?id=e5yHDQAAQBAJ},
  year={2016},
  publisher={Wiley}
}
%%10
@book{provost2013data,
  title={Data Science for Business: What You Need to Know about Data Mining and Data-Analytic Thinking},
  author={Provost, F. and Fawcett, T.},
  isbn={9781449374280},
  url={https://books.google.ca/books?id=4ZctAAAAQBAJ},
  year={2013},
  publisher={O'Reilly Media}
}
%%11
@book{gustafsson2006retailing,
  title={Retailing Logistics and Fresh Food Packaging: Managing Change in the Supply Chain},
  author={Gustafsson, K. and J{\"o}nson, G. and Smith, D. and Sparks, L.},
  isbn={9780749450342},
  url={https://books.google.ca/books?id=wANzMxjfJ9AC},
  year={2006},
  publisher={Kogan Page}
}
